<urn:Document xmlns:urn="urn:iso:std:iso:20022:tech:xsd:pacs.008.001.02">
  <urn:FIToFICstmrCdtTrf>
    <urn:GrpHdr>
      <urn:MsgId>string</urn:MsgId>
      <urn:CreDtTm>2008-09-29T03:49:45</urn:CreDtTm>
      <urn:NbOfTxs>string</urn:NbOfTxs>
      <urn:TtlIntrBkSttlmAmt Ccy="EUR">1000.00000000000000</urn:TtlIntrBkSttlmAmt>
      <urn:IntrBkSttlmDt>2004-02-14</urn:IntrBkSttlmDt>
      <urn:SttlmInf>
        <urn:SttlmMtd>INDA</urn:SttlmMtd>
        <!--Optional:-->
        <urn:SttlmAcct>
          <urn:Id>
            <!--You have a CHOICE of the next 2 items at this level-->
            <urn:IBAN>string</urn:IBAN>
            <urn:Othr>
              <urn:Id>string</urn:Id>
              <!--Optional:-->
              <urn:SchmeNm>
                <!--You have a CHOICE of the next 2 items at this level-->
                <urn:Cd>stri</urn:Cd>
                <urn:Prtry>string</urn:Prtry>
              </urn:SchmeNm>
              <!--Optional:-->
              <urn:Issr>string</urn:Issr>
            </urn:Othr>
          </urn:Id>
        </urn:SttlmAcct>
        <!--Optional:-->
        <urn:ClrSys>
          <!--You have a CHOICE of the next 2 items at this level-->
          <urn:Cd>str</urn:Cd>
          <urn:Prtry>string</urn:Prtry>
        </urn:ClrSys>
      </urn:SttlmInf>
      <!--Optional:-->
      <urn:PmtTpInf>
        <urn:SvcLvl>
          <urn:Cd>SEPA</urn:Cd>
        </urn:SvcLvl>
        <!--Optional:-->
        <urn:LclInstrm>
          <!--You have a CHOICE of the next 2 items at this level-->
          <urn:Cd>string</urn:Cd>
          <urn:Prtry>string</urn:Prtry>
        </urn:LclInstrm>
        <!--Optional:-->
        <urn:CtgyPurp>
          <!--You have a CHOICE of the next 2 items at this level-->
          <urn:Cd>stri</urn:Cd>
          <urn:Prtry>string</urn:Prtry>
        </urn:CtgyPurp>
      </urn:PmtTpInf>
      <!--Optional:-->
      <urn:InstgAgt>
        <urn:FinInstnId>
          <urn:BIC>string</urn:BIC>
        </urn:FinInstnId>
      </urn:InstgAgt>
      <!--Optional:-->
      <urn:InstdAgt>
        <urn:FinInstnId>
          <urn:BIC>string</urn:BIC>
        </urn:FinInstnId>
      </urn:InstdAgt>
    </urn:GrpHdr>
    <!--1 or more repetitions:-->
    <urn:CdtTrfTxInf>
      <urn:PmtId>
        <!--Optional:-->
        <urn:InstrId>string</urn:InstrId>
        <urn:EndToEndId>string</urn:EndToEndId>
        <urn:TxId>string</urn:TxId>
      </urn:PmtId>
      <!--Optional:-->
      <urn:PmtTpInf>
        <urn:SvcLvl>
          <urn:Cd>SEPA</urn:Cd>
        </urn:SvcLvl>
        <!--Optional:-->
        <urn:LclInstrm>
          <!--You have a CHOICE of the next 2 items at this level-->
          <urn:Cd>string</urn:Cd>
          <urn:Prtry>string</urn:Prtry>
        </urn:LclInstrm>
        <!--Optional:-->
        <urn:CtgyPurp>
          <!--You have a CHOICE of the next 2 items at this level-->
          <urn:Cd>stri</urn:Cd>
          <urn:Prtry>string</urn:Prtry>
        </urn:CtgyPurp>
      </urn:PmtTpInf>
      <urn:IntrBkSttlmAmt Ccy="EUR">1000.00000000000000</urn:IntrBkSttlmAmt>
      <urn:ChrgBr>SLEV</urn:ChrgBr>
      <!--Optional:-->
      <urn:InstgAgt>
        <urn:FinInstnId>
          <urn:BIC>string</urn:BIC>
        </urn:FinInstnId>
      </urn:InstgAgt>
      <!--Optional:-->
      <urn:InstdAgt>
        <urn:FinInstnId>
          <urn:BIC>string</urn:BIC>
        </urn:FinInstnId>
      </urn:InstdAgt>
      <!--Optional:-->
      <urn:UltmtDbtr>
        <!--Optional:-->
        <urn:Nm>string</urn:Nm>
        <!--Optional:-->
        <urn:Id>
          <!--You have a CHOICE of the next 2 items at this level-->
          <urn:OrgId>
            <!--Optional:-->
            <urn:BICOrBEI>string</urn:BICOrBEI>
            <!--Optional:-->
            <urn:Othr>
              <urn:Id>string</urn:Id>
              <!--Optional:-->
              <urn:SchmeNm>
                <!--You have a CHOICE of the next 2 items at this level-->
                <urn:Cd>stri</urn:Cd>
                <urn:Prtry>string</urn:Prtry>
              </urn:SchmeNm>
              <!--Optional:-->
              <urn:Issr>string</urn:Issr>
            </urn:Othr>
          </urn:OrgId>
          <urn:PrvtId>
            <!--Optional:-->
            <urn:DtAndPlcOfBirth>
              <urn:BirthDt>2003-08-09+02:00</urn:BirthDt>
              <!--Optional:-->
              <urn:PrvcOfBirth>string</urn:PrvcOfBirth>
              <urn:CityOfBirth>string</urn:CityOfBirth>
              <urn:CtryOfBirth>string</urn:CtryOfBirth>
            </urn:DtAndPlcOfBirth>
            <!--Optional:-->
            <urn:Othr>
              <urn:Id>string</urn:Id>
              <!--Optional:-->
              <urn:SchmeNm>
                <!--You have a CHOICE of the next 2 items at this level-->
                <urn:Cd>stri</urn:Cd>
                <urn:Prtry>string</urn:Prtry>
              </urn:SchmeNm>
              <!--Optional:-->
              <urn:Issr>string</urn:Issr>
            </urn:Othr>
          </urn:PrvtId>
        </urn:Id>
      </urn:UltmtDbtr>
      <urn:Dbtr>
        <urn:Nm>string</urn:Nm>
        <!--Optional:-->
        <urn:PstlAdr>
          <!--Optional:-->
          <urn:Ctry>string</urn:Ctry>
          <!--0 to 2 repetitions:-->
          <urn:AdrLine>string</urn:AdrLine>
        </urn:PstlAdr>
        <!--Optional:-->
        <urn:Id>
          <!--You have a CHOICE of the next 2 items at this level-->
          <urn:OrgId>
            <!--Optional:-->
            <urn:BICOrBEI>string</urn:BICOrBEI>
            <!--Optional:-->
            <urn:Othr>
              <urn:Id>string</urn:Id>
              <!--Optional:-->
              <urn:SchmeNm>
                <!--You have a CHOICE of the next 2 items at this level-->
                <urn:Cd>stri</urn:Cd>
                <urn:Prtry>string</urn:Prtry>
              </urn:SchmeNm>
              <!--Optional:-->
              <urn:Issr>string</urn:Issr>
            </urn:Othr>
          </urn:OrgId>
          <urn:PrvtId>
            <!--Optional:-->
            <urn:DtAndPlcOfBirth>
              <urn:BirthDt>2012-09-13+02:00</urn:BirthDt>
              <!--Optional:-->
              <urn:PrvcOfBirth>string</urn:PrvcOfBirth>
              <urn:CityOfBirth>string</urn:CityOfBirth>
              <urn:CtryOfBirth>string</urn:CtryOfBirth>
            </urn:DtAndPlcOfBirth>
            <!--Optional:-->
            <urn:Othr>
              <urn:Id>string</urn:Id>
              <!--Optional:-->
              <urn:SchmeNm>
                <!--You have a CHOICE of the next 2 items at this level-->
                <urn:Cd>stri</urn:Cd>
                <urn:Prtry>string</urn:Prtry>
              </urn:SchmeNm>
              <!--Optional:-->
              <urn:Issr>string</urn:Issr>
            </urn:Othr>
          </urn:PrvtId>
        </urn:Id>
      </urn:Dbtr>
      <urn:DbtrAcct>
        <urn:Id>
          <urn:IBAN>string</urn:IBAN>
        </urn:Id>
      </urn:DbtrAcct>
      <urn:DbtrAgt>
        <urn:FinInstnId>
          <urn:BIC>string</urn:BIC>
        </urn:FinInstnId>
      </urn:DbtrAgt>
      <urn:CdtrAgt>
        <urn:FinInstnId>
          <urn:BIC>string</urn:BIC>
        </urn:FinInstnId>
      </urn:CdtrAgt>
      <urn:Cdtr>
        <urn:Nm>string</urn:Nm>
        <!--Optional:-->
        <urn:PstlAdr>
          <!--Optional:-->
          <urn:Ctry>string</urn:Ctry>
          <!--0 to 2 repetitions:-->
          <urn:AdrLine>string</urn:AdrLine>
        </urn:PstlAdr>
        <!--Optional:-->
        <urn:Id>
          <!--You have a CHOICE of the next 2 items at this level-->
          <urn:OrgId>
            <!--Optional:-->
            <urn:BICOrBEI>string</urn:BICOrBEI>
            <!--Optional:-->
            <urn:Othr>
              <urn:Id>string</urn:Id>
              <!--Optional:-->
              <urn:SchmeNm>
                <!--You have a CHOICE of the next 2 items at this level-->
                <urn:Cd>stri</urn:Cd>
                <urn:Prtry>string</urn:Prtry>
              </urn:SchmeNm>
              <!--Optional:-->
              <urn:Issr>string</urn:Issr>
            </urn:Othr>
          </urn:OrgId>
          <urn:PrvtId>
            <!--Optional:-->
            <urn:DtAndPlcOfBirth>
              <urn:BirthDt>2009-10-14</urn:BirthDt>
              <!--Optional:-->
              <urn:PrvcOfBirth>string</urn:PrvcOfBirth>
              <urn:CityOfBirth>string</urn:CityOfBirth>
              <urn:CtryOfBirth>string</urn:CtryOfBirth>
            </urn:DtAndPlcOfBirth>
            <!--Optional:-->
            <urn:Othr>
              <urn:Id>string</urn:Id>
              <!--Optional:-->
              <urn:SchmeNm>
                <!--You have a CHOICE of the next 2 items at this level-->
                <urn:Cd>stri</urn:Cd>
                <urn:Prtry>string</urn:Prtry>
              </urn:SchmeNm>
              <!--Optional:-->
              <urn:Issr>string</urn:Issr>
            </urn:Othr>
          </urn:PrvtId>
        </urn:Id>
      </urn:Cdtr>
      <urn:CdtrAcct>
        <urn:Id>
          <urn:IBAN>string</urn:IBAN>
        </urn:Id>
      </urn:CdtrAcct>
      <!--Optional:-->
      <urn:UltmtCdtr>
        <!--Optional:-->
        <urn:Nm>string</urn:Nm>
        <!--Optional:-->
        <urn:Id>
          <!--You have a CHOICE of the next 2 items at this level-->
          <urn:OrgId>
            <!--Optional:-->
            <urn:BICOrBEI>string</urn:BICOrBEI>
            <!--Optional:-->
            <urn:Othr>
              <urn:Id>string</urn:Id>
              <!--Optional:-->
              <urn:SchmeNm>
                <!--You have a CHOICE of the next 2 items at this level-->
                <urn:Cd>stri</urn:Cd>
                <urn:Prtry>string</urn:Prtry>
              </urn:SchmeNm>
              <!--Optional:-->
              <urn:Issr>string</urn:Issr>
            </urn:Othr>
          </urn:OrgId>
          <urn:PrvtId>
            <!--Optional:-->
            <urn:DtAndPlcOfBirth>
              <urn:BirthDt>2010-03-18</urn:BirthDt>
              <!--Optional:-->
              <urn:PrvcOfBirth>string</urn:PrvcOfBirth>
              <urn:CityOfBirth>string</urn:CityOfBirth>
              <urn:CtryOfBirth>string</urn:CtryOfBirth>
            </urn:DtAndPlcOfBirth>
            <!--Optional:-->
            <urn:Othr>
              <urn:Id>string</urn:Id>
              <!--Optional:-->
              <urn:SchmeNm>
                <!--You have a CHOICE of the next 2 items at this level-->
                <urn:Cd>stri</urn:Cd>
                <urn:Prtry>string</urn:Prtry>
              </urn:SchmeNm>
              <!--Optional:-->
              <urn:Issr>string</urn:Issr>
            </urn:Othr>
          </urn:PrvtId>
        </urn:Id>
      </urn:UltmtCdtr>
      <!--Optional:-->
      <urn:Purp>
        <urn:Cd>stri</urn:Cd>
      </urn:Purp>
      <!--Optional:-->
      <urn:RmtInf>
        <!--Optional:-->
        <urn:Ustrd>string</urn:Ustrd>
        <!--Optional:-->
        <urn:Strd>
          <!--Optional:-->
          <urn:CdtrRefInf>
            <urn:Tp>
              <urn:CdOrPrtry>
                <urn:Cd>string</urn:Cd>
              </urn:CdOrPrtry>
              <!--Optional:-->
              <urn:Issr>string</urn:Issr>
            </urn:Tp>
            <urn:Ref>string</urn:Ref>
          </urn:CdtrRefInf>
        </urn:Strd>
      </urn:RmtInf>
    </urn:CdtTrfTxInf>
  </urn:FIToFICstmrCdtTrf>
</urn:Document>